%! Author = wingardo
%! Date = 01.01.2023

@article{Dirac1953888,
    author = {"R.P.M. Dirac"},
    title = {"The lorentz transformations and absolute time"},
    journal = {"Physica"},
    year = {"1953"},
}